@book{rassandwill,
  title={{Gaussian Processes for Machine Learning}},
  author={Rasmussen, C. E. and Williams, C. K. I.},
  year={2006},
  publisher={MIT Press Cambridge, MA, USA}
}