@book{rassandwill,
  title={{Gaussian Processes for Machine Learning}},
  author={Rasmussen, C. E. and Williams, C. K. I.},
  year={2006},
  publisher={MIT Press Cambridge, MA, USA}
}

@article{neal1997monte,
  title={Monte Carlo implementation of Gaussian process models for Bayesian regression and classification},
  author={Neal, R.M.},
  journal={Arxiv preprint physics/9701026},
  year={1997}
}

@book{shawe2004kernel,
  title={Kernel methods for pattern analysis},
  author={Shawe-Taylor, J. and Cristianini, N.},
  year={2004},
  publisher={Cambridge Univ Pr}
}

@book{jaynes,
  title={Probability theory: the logic of science},
  author={Jaynes, E.T.},
  year={2003},
  publisher={Cambridge Univ Pr}
}

@article{bayesquad,
  title={Bayesian Monte Carlo},
  author={Rasmussen, C.E. and Ghahramani, Z.},
  journal={Advances in neural information processing systems},
  volume={15},
  pages={489--496},
  year={2003}
}

@inproceedings{osborne2008towards,
  title={Towards real-time information processing of sensor network data using computationally efficient multi-output Gaussian processes},
  author={Osborne, M.A. and Roberts, SJ and Rogers, A. and Ramchurn, SD and Jennings, N.R.},
  booktitle={Proceedings of the 7th international conference on Information processing in sensor networks},
  pages={109--120},
  year={2008},
  organization={IEEE Computer Society}
}

@book{chen2000monte,
  title={Monte Carlo methods in Bayesian computation},
  author={Chen, M.H. and Shao, Q.M. and Ibrahim, J.G.},
  year={2000},
  publisher={Springer Verlag}
}

@inproceedings{garnett2010bayesian,
  title={Bayesian optimization for sensor set selection},
  author={Garnett, R. and Osborne, MA and Roberts, SJ},
  booktitle={Proceedings of the 9th ACM/IEEE International Conference on Information Processing in Sensor Networks},
  pages={209--219},
  year={2010},
  organization={ACM}
}

@article{snelson2004warped,
  title={Warped gaussian processes},
  author={Snelson, E. and Rasmussen, C.E. and Ghahramani, Z.},
  journal={Advances in neural information processing systems},
  volume={16},
  pages={337--344},
  year={2004},
  publisher={of}
}

@inproceedings{osborne2009gaussian,
  title={Gaussian processes for global optimization},
  author={Osborne, M.A. and Garnett, R. and Roberts, S.J.},
  booktitle={3rd International Conference on Learning and Intelligent Optimization (LION3)},
  pages={1--15},
  year={2009}
}


@article{osbornebayesquad,
  title={Bayesian Quadrature for Ratios},
  author={Osborne, M.A. and Garnett, R. and Roberts, S.J. and Hart, C. and Aigrain, S. and Gibson, N.P. and Aigrain, S.},
  journal={Fifteenth International Conference on Artificial Intelligence and Statistics},
  year={2012}
}